<collection xmlns="http://www.loc.gov/MARC21/slim">
<record>
  <leader>01407nam0a22002411i 450 </leader>
  <controlfield tag="001">IT\ICCU\CNCE\053035</controlfield>
  <controlfield tag="005">20020611000000.0</controlfield>
  <datafield tag="012" ind1=" " ind2=" ">
    <subfield code="a">a-e; ten- a-ro deco (3) 1593 (R)</subfield>
    <subfield code="2">fei</subfield>
  </datafield>
  <datafield tag="100" ind1=" " ind2=" ">
    <subfield code="a">20020611d1593        0itac0103    ba</subfield>
  </datafield>
  <datafield tag="101" ind1=" " ind2=" ">
    <subfield code="a">ITA</subfield>
  </datafield>
  <datafield tag="102" ind1=" " ind2=" ">
    <subfield code="a">IT</subfield>
  </datafield>
  <datafield tag="200" ind1="1" ind2=" ">
    <subfield code="a"></subfield>
  </datafield>
  <datafield tag="210" ind1=" " ind2=" ">
    <subfield code="a">In Venetia</subfield>
    <subfield code="c">appresso Gio. Battista Ciotti Senese</subfield>
    <subfield code="d">al segno della Minerua</subfield>
    <subfield code="d">1593</subfield>
  </datafield>
  <datafield tag="215" ind1=" " ind2=" ">
    <subfield code="a">\4!, 127, \1! c.</subfield>
    <subfield code="d">4</subfield>
  </datafield>
  <datafield tag="300" ind1=" " ind2=" ">
    <subfield code="a">ANNULLATA !!!!! E&apos; la 3861((Marca sul front. (Z848). - Iniziali e fregi xil. - Cors. ; rom. - Segn.: a4 A-2I4</subfield>
  </datafield>
  <datafield tag="620" ind1=" " ind2=" ">
    <subfield code="a">IT</subfield>
    <subfield code="d">Venezia</subfield>
  </datafield>
  <datafield tag="700" ind1=" " ind2="1">
    <subfield code="a">Badoer,</subfield>
    <subfield code="b">Pietro</subfield>
    <subfield code="3">IT\ICCU\CNCA\001283</subfield>
  </datafield>
  <datafield tag="712" ind1="0" ind2="0">
    <subfield code="a">Ciotti, Giovanni Battista &amp; C.</subfield>
    <subfield code="3">IT\ICCU\CNCT\002860</subfield>
    <subfield code="4">650</subfield>
  </datafield>
  <datafield tag="790" ind1=" " ind2="1">
    <subfield code="a">Badoaro,</subfield>
    <subfield code="b">Pietro</subfield>
    <subfield code="3">IT\ICCU\CNCA\015698</subfield>
    <subfield code="z">Badoer, Pietro</subfield>
  </datafield>
  <datafield tag="801" ind1=" " ind2="3">
    <subfield code="a">IT</subfield>
    <subfield code="b">ICCU</subfield>
    <subfield code="c">20201115</subfield>
  </datafield>
  <datafield tag="899" ind1=" " ind2=" ">
    <subfield code="a">Biblioteca umanistica. Sede di Lettere. Firenze</subfield>
    <subfield code="1">FI0211</subfield>
    <subfield code="2">UFI LT</subfield>
  </datafield>
  <datafield tag="899" ind1=" " ind2=" ">
    <subfield code="a">Biblioteca del Dipartimento di storia dell&apos;Universit ̉degli Studi di Padova. Padova</subfield>
    <subfield code="1">PD0328</subfield>
    <subfield code="2">PUV 04</subfield>
  </datafield>
  <datafield tag="921" ind1=" " ind2=" ">
    <subfield code="a">IT\ICCU\CNCM\000505</subfield>
    <subfield code="b">Minerva con elmo, lancia su cui  ̈poggiata una civetta e scudo. Paesaggio con albero e case. In cornice figurata</subfield>
    <subfield code="e">Et letere et arme</subfield>
    <subfield code="c">Z848</subfield>
    <subfield code="d">Dimensioni: 9,5 x 6,5</subfield>
    <subfield code="f">CIVETTA</subfield>
    <subfield code="f">ETLETEREET</subfield>
    <subfield code="f">MEDUSA</subfield>
    <subfield code="f">MINERVA</subfield>
    <subfield code="g">1586-1600</subfield>
  </datafield>
</record>
</collection>
